<?xml version="1.0" encoding="UTF-8"?>
<collection xmlns:xsi="http://www.w3.org/2001/XMLSchema-instance" xsi:schemaLocation="http://www.loc.gov/MARC21/slim http://www.loc.gov/standards/marcxml/schema/MARC21slim.xsd" xmlns="http://www.loc.gov/MARC21/slim">
<record>
  <leader>00812cam a22002051  4500</leader>
  <controlfield tag="001">3076334</controlfield>
  <controlfield tag="003">NNC</controlfield>
  <controlfield tag="005">20130721183940.0</controlfield>
  <controlfield tag="008">010828s1906    ua            000 0 ara d</controlfield>
  <datafield tag="035" ind1=" " ind2=" ">
    <subfield code="a">(OCoLC)ocm47857627</subfield>
  </datafield>
  <datafield tag="035" ind1=" " ind2=" ">
    <subfield code="9">ATP9928CU</subfield>
  </datafield>
  <datafield tag="035" ind1=" " ind2=" ">
    <subfield code="a">(NNC)3076334</subfield>
  </datafield>
  <datafield tag="040" ind1=" " ind2=" ">
    <subfield code="a">ZCU</subfield>
    <subfield code="c">ZCU</subfield>
  </datafield>
  <datafield tag="099" ind1=" " ind2=" ">
    <subfield code="a">893.78</subfield>
    <subfield code="a">M396</subfield>
  </datafield>
  <datafield tag="100" ind1="1" ind2=" ">
    <subfield code="a">Masʻūd, Maḥmūd.</subfield>
  </datafield>
  <datafield tag="245" ind1="1" ind2="0">
    <subfield code="a">Lubād al-Ādāb;</subfield>
    <subfield code="b">wahwa majmūʻ maqālāt adabīyah wafuṣūl tārikhīyah washadharāt ʻilmīyah muntakhabah min majallat al-Ādāb fī sanatayhā al-rābiʻah wa-al-khāmisah liṣāḥibihā wamuḥarririhā Maḥmūd Masʻūd.</subfield>
  </datafield>
  <datafield tag="260" ind1=" " ind2=" ">
    <subfield code="a">al-Qāhirah,</subfield>
    <subfield code="b">Maṭbaʻat al-Jumhūr (bijiwār Dār al-Āthār al-ʻArabīyah),</subfield>
    <subfield code="c">1324 [1906]</subfield>
  </datafield>
  <datafield tag="300" ind1=" " ind2=" ">
    <subfield code="a">504 p.</subfield>
  </datafield>
  <datafield tag="650" ind1=" " ind2="0">
    <subfield code="a">Arabic literature, Modern.</subfield>
  </datafield>
  <datafield tag="955" ind1=" " ind2=" ">
    <subfield code="b">CU58886435</subfield>
    <subfield code="d">off,glx</subfield>
    <subfield code="e">893.78 M396</subfield>
  </datafield>
</record>
</collection>